<record><leader>00000cas a22000007a 4500</leader><controlfield tag="001">10236872</controlfield><controlfield tag="008">831220d18701883njuwr ne      0    0eng d</controlfield><datafield ind1=" " ind2=" " tag="010"><subfield code="a">sn 83032285 </subfield></datafield><datafield ind1=" " ind2=" " tag="040"><subfield code="a">NPU</subfield><subfield code="b">eng</subfield><subfield code="c">NPU</subfield><subfield code="d">NPX</subfield><subfield code="d">DLC</subfield><subfield code="d">NPA</subfield><subfield code="d">NYS</subfield><subfield code="d">OCLCQ</subfield></datafield><datafield ind1=" " ind2=" " tag="042"><subfield code="a">msc</subfield></datafield><datafield ind1="0" ind2=" " tag="130"><subfield code="a">Sussex County independent (Sussex, N.J. : 1870)</subfield></datafield><datafield ind1="1" ind2="0" tag="245"><subfield code="a">Sussex County independent.</subfield></datafield><datafield ind1=" " ind2=" " tag="260"><subfield code="a">Deckertown [i.e. Sussex], N.J. :</subfield><subfield code="b">Sayer &amp; Noble,</subfield><subfield code="c">-1883.</subfield></datafield><datafield ind1=" " ind2=" " tag="300"><subfield code="a">v. :</subfield><subfield code="b">ill. (chiefly advertisements) ;</subfield><subfield code="c">67 cm.</subfield></datafield><datafield ind1=" " ind2=" " tag="310"><subfield code="a">Weekly</subfield></datafield><datafield ind1="0" ind2=" " tag="362"><subfield code="a">-v. 14, no. 6 (June 8, 1883).</subfield></datafield><datafield ind1="1" ind2=" " tag="362"><subfield code="a">Began in Apr. 1870.</subfield><subfield code="z">Cf. Direct. of N.J. newspapers, 1765-1970.</subfield></datafield><datafield ind1=" " ind2=" " tag="500"><subfield code="a">"County" appears in title ornament, 1873-1883.</subfield></datafield><datafield ind1=" " ind2=" " tag="500"><subfield code="a">Publishers: Stephen H. Sayer, 1870-1871; Stephen H. Sayer &amp; Stephen H. Moore, 1871; Stephen H. Sayer, 1871; Stephen H. Sayer &amp; William H. Noble, 1872-1877; Independent Print. Co., 1877-1883.</subfield></datafield><datafield ind1=" " ind2=" " tag="500"><subfield code="a">Proprietor: Independent Print. Co., 1875-1877.</subfield></datafield><datafield ind1=" " ind2=" " tag="500"><subfield code="a">Editors: S.H. Sayer, &lt;1871&gt;-1877; H.A. Van Predenberg, 1877-1878; Gibbs &amp; Stanton, 1878-1882; John J. Stanton, 1882-1883.</subfield></datafield><datafield ind1=" " ind2=" " tag="500"><subfield code="a">"Democratic."</subfield></datafield><datafield ind1=" " ind2=" " tag="525"><subfield code="a">Supplements accompany some issues.</subfield></datafield><datafield ind1=" " ind2=" " tag="530"><subfield code="a">Also issued on microfilm by Norton Micro Images.</subfield></datafield><datafield ind1=" " ind2=" " tag="588"><subfield code="a">Description based on: Vol. 3, no. 46 (Mar. 14, 1873).</subfield></datafield><datafield ind1=" " ind2=" " tag="752"><subfield code="a">United States</subfield><subfield code="b">New Jersey</subfield><subfield code="c">Sussex</subfield><subfield code="d">Sussex.</subfield></datafield><datafield ind1=" " ind2=" " tag="752"><subfield code="a">United States</subfield><subfield code="b">New Jersey</subfield><subfield code="c">Sussex</subfield><subfield code="d">Deckertown.</subfield></datafield><datafield ind1="0" ind2="0" tag="785"><subfield code="t">Sussex independent</subfield><subfield code="w">(DLC)sn 85035615</subfield></datafield><datafield ind1="1" ind2=" " tag="029"><subfield code="a">AU@</subfield><subfield code="b">000020375104</subfield></datafield></record>